%
%  Vzor bibliografické databáze pro automatickou tvorbu seznamu referencí
%  pomocí BibTeXu
%
%  Doporučený software pro správu databáze literatury formátu *.bib:
%    JabRef, http://jabref.sourceforge.net/
%
%  POZOR:
%
%    *  Písmena v názvech publikací, jež je třeba tisknout vždy velká, se musejí psát
%       do složených závorek ({T}hailand, {HIV})
%
%  ===========================================================================

@misc{gtfs,
  title={GTFS Static Overview~[online]},
  author={GOOGLE},
  year={2022},
  url = {https://developers.google.com/transit/gtfs},
  note = {[cit.~2022-05-11]}
}

@misc{pidData,
  title={Otevřená data PID~[online]},
  author={PID},
  year={2022},
  url = {https://pid.cz/o-systemu/opendata/},
  note = {[cit.~2022-05-11]}
}

@article{raptor,
  title={Round-based public transit routing},
  author={Delling, Daniel and Pajor, Thomas and Werneck, Renato F},
  publisher={INFORMS},
  journal={Transportation Science},
  volume={49},
  number={3},
  pages={591--604},
  year={2015}
}

@inproceedings{unrestrictedWalking,
  title={Fast public transit routing with unrestricted walking through hub labeling},
  author={Phan, Duc-Minh and Viennot, Laurent},
  booktitle={International Symposium on Experimental Algorithms},
  pages={237--247},
  year={2019},
  organization={Springer}
}

@inproceedings{quadTreeVSRTree,
  title={Quadtree and R-tree indexes in oracle spatial: a comparison using GIS data},
  author={Kothuri, Ravi Kanth V and Ravada, Siva and Abugov, Daniel},
  publisher={ACM},
  booktitle={Proceedings of the 2002 ACM SIGMOD international conference on Management of data},
  pages={546--557},
  year={2002}
}

% nasledujici generovane pomoci https://www.citationmachine.net/bibtex/cite-a-website

@misc{QuadtreeVSSpatial,
    title={Quadtree Spatial Hash - Brandonbarker.me~[online]},
    url={https://brandonbarker.me/downloads/quadtree_spatialhash.pdf},
    journal={To What Extent Are Quad-Tree or Spatial Hashing Algorithms More Efficient for Intersection Testing},
    author={Barker, Brandon},
    year={2022},
    note = {[cit.~2022-05-11]}
}

